@article{chernev2015,
  title        = {Choice Overload: A Conceptual Review and Meta-Analysis},
  author       = {Chernev, Alexander and Böckenholt, Ulf and Goodman, Joseph},
  journal      = {Journal of Consumer Psychology},
  year         = {2015},
  volume       = {25},
  number       = {2},
  pages        = {333--358},
  doi          = {10.1016/j.jcps.2014.08.002}
}

@article{dean2022,
  title        = {A Better Test of Choice Overload},
  author       = {Dean, Mark and Ravindran, Dilip and Stoye, Jörg},
  journal      = {Working Paper / Manuscript},
  year         = {2022},
  note         = {Preprint; applied new tests showing stronger evidence of choice overload missed by earlier work},
  url          = {https://arxiv.org/abs/2212.03931}
}

@incollection{djamasbi2011,
  title        = {Visual Hierarchy and Viewing Behavior: An Eye Tracking Study},
  author       = {Djamasbi, Suparna and Siegel, Michael and Tullis, Tom},
  booktitle    = {Human-Computer Interaction and Management: Contemporary Research and Practice},
  year         = {2011},
  publisher    = {Springer},
  pages        = {73--85}
}

@article{nngroup2017,
  title        = {F-Shaped Pattern of Reading on the Web},
  author       = {Nielsen Norman Group},
  year         = {2017},
  journal      = {NN/g Articles},
  url          = {https://www.nngroup.com/articles/f-shaped-pattern-reading-web-content/}
}

@article{putkonen2025,
  title        = {Understanding visual search in graphical user interfaces},
  author       = {Putkonen, A. and others},
  journal      = {Unpublished / preprint},
  year         = {2025},
  note         = {Preprint study of visual search in GUIs confirming scanning heuristics}
}